<record><leader>00000cas a2200000 a 4500</leader><controlfield tag="001">697293227</controlfield><controlfield tag="008">110118c20109999pauwr ne      0    0eng c</controlfield><datafield ind1=" " ind2=" " tag="010"><subfield code="a">  2011264001</subfield></datafield><datafield ind1=" " ind2=" " tag="040"><subfield code="a">UPM</subfield><subfield code="b">eng</subfield><subfield code="c">UPM</subfield><subfield code="d">OCLCF</subfield><subfield code="d">OCLCO</subfield></datafield><datafield ind1=" " ind2=" " tag="042"><subfield code="a">pcc</subfield></datafield><datafield ind1="0" ind2="0" tag="245"><subfield code="a">South Schuylkill news.</subfield></datafield><datafield ind1=" " ind2=" " tag="260"><subfield code="a">Schuylkill Haven, Pa. :</subfield><subfield code="b">South Schuylkill Printing &amp; Publishing,</subfield><subfield code="c">2010-</subfield></datafield><datafield ind1=" " ind2=" " tag="300"><subfield code="a">v. :</subfield><subfield code="b">ill. ;</subfield><subfield code="c">58 cm.</subfield></datafield><datafield ind1=" " ind2=" " tag="310"><subfield code="a">Weekly</subfield></datafield><datafield ind1="1" ind2=" " tag="362"><subfield code="a">Began with: Vol. 1, no. 1 (July 29, 2010).</subfield></datafield><datafield ind1=" " ind2=" " tag="500"><subfield code="a">"Serving all the communities of Southern Schuylkill County."</subfield></datafield><datafield ind1=" " ind2=" " tag="580"><subfield code="a">Merger of: Call (Schuylkill Haven, Pa. : 1969); and: The Press &amp; West Schuylkill herald.</subfield></datafield><datafield ind1=" " ind2=" " tag="588"><subfield code="a">Description based on first issue; title from masthead.</subfield></datafield><datafield ind1=" " ind2=" " tag="588"><subfield code="a">Latest issue consulted: Vol. 1, no. 1 (July 29, 2010).</subfield></datafield><datafield ind1=" " ind2="0" tag="651"><subfield code="a">Schuylkill County (Pa.)</subfield><subfield code="v">Newspapers.</subfield></datafield><datafield ind1=" " ind2="7" tag="655"><subfield code="a">Newspapers.</subfield><subfield code="2">fast</subfield><subfield code="0">(OCoLC)fst01423814</subfield></datafield><datafield ind1=" " ind2="7" tag="651"><subfield code="a">Pennsylvania</subfield><subfield code="z">Schuylkill County.</subfield><subfield code="2">fast</subfield><subfield code="0">(OCoLC)fst01221546</subfield></datafield><datafield ind1=" " ind2=" " tag="752"><subfield code="a">United States</subfield><subfield code="b">Pennsylvania</subfield><subfield code="c">Schuylkill</subfield><subfield code="d">Schuylkill Haven.</subfield></datafield><datafield ind1="1" ind2="4" tag="780"><subfield code="t">Press &amp; West Schuylkill herald</subfield></datafield><datafield ind1="1" ind2="4" tag="780"><subfield code="t">Call (Schuylkill Haven, Pa. : 1969)</subfield><subfield code="w">(DLC)sn 89077477</subfield><subfield code="w">(OCoLC)18664615</subfield></datafield></record>